<?xml version="1.0" encoding="UTF-8"?><collection xmlns="http://www.loc.gov/MARC21/slim"><record><leader>00423nam--2200169-u-4500</leader><controlfield tag="001">000051905</controlfield><controlfield tag="002">20161230</controlfield><controlfield tag="005">20161230201049</controlfield><controlfield tag="008">090422s1000------------r-----000-0-eng-d</controlfield><datafield ind1=" " ind2=" " tag="040"><subfield code="a">IFIN-HH</subfield></datafield><datafield ind1=" " ind2=" " tag="080"><subfield code="a">517.911</subfield></datafield><datafield ind1="1" ind2=" " tag="100"><subfield code="a">Matrosov,V.M.(red.)</subfield></datafield><datafield ind1="1" ind2="0" tag="245"><subfield code="a">Metod Funktsii Lyapunova i Ego Prilozheniya</subfield></datafield><datafield ind1=" " ind2=" " tag="260"><subfield code="a">Novosibirsk</subfield><subfield code="b">Nauka</subfield><subfield code="c">1984</subfield></datafield><datafield ind1=" " ind2=" " tag="300"><subfield code="a">256 p</subfield></datafield><datafield ind1=" " ind2=" " tag="852"><subfield code="a">72257</subfield><subfield code="c">517.9</subfield></datafield><datafield ind1=" " ind2=" " tag="CAT"><subfield code="a">Sys</subfield><subfield code="c">20090422</subfield><subfield code="h">134723</subfield></datafield></record></collection>